%% bibligrafia capítulo I.1

@book{dagum2016seasonal,
  title={Seasonal adjustment methods and real time trend-cycle estimation},
  author={Dagum, Estela Bee and Bianconcini, Silvia},
  year={2016},
  publisher={Springer}
}

@article{cleveland1990stl,
  title={STL: A Seasonal-Trend Decomposition},
  author={Cleveland, Robert B and Cleveland, William S and McRae, Jean E and Terpenning, Irma},
  journal={Journal of Official Statistics},
  volume={6},
  number={1},
  pages={3--73},
  year={1990}
}


@article{theodosiou2011forecasting,
  title={Forecasting monthly and quarterly time series using STL decomposition},
  author={Theodosiou, Marina},
  journal={International Journal of Forecasting},
  volume={27},
  number={4},
  pages={1178--1195},
  year={2011},
  publisher={Elsevier}
}

% bibliografía capítulo I.2

@article{gardner1985exponential,
  title={Exponential smoothing: The state of the art},
  author={Gardner Jr, Everette S},
  journal={Journal of forecasting},
  volume={4},
  number={1},
  pages={1--28},
  year={1985},
  publisher={Wiley Online Library}
}


@book{hyndman2008forecasting,
  title={Forecasting with exponential smoothing: the state space approach},
  author={Hyndman, Rob and Koehler, Anne B and Ord, J Keith and Snyder, Ralph D},
  year={2008},
  publisher={Springer Science \& Business Media}
}

