/Users/Xavi/Documents/MacBooster/Duplicates Backups/jabes_multi.bib